@book{王燕2005应用时间序列分析,
  title={应用时间序列分析},
  author={王燕},
  publisher={中国人民大学出版社},
  year={2005},
  address={北京}
}
@article{its,
  title={Data-driven intelligent transportation systems: A survey},
  author={Zhang, Junping and Wang, Fei-Yue and Wang, Kunfeng and Lin, Wei-Hua and Xu, Xin and Chen, Cheng},
  journal={IEEE Transactions on Intelligent Transportation Systems},
  volume={12},
  number={4},
  pages={1624--1639},
  year={2011},
  publisher={IEEE}
}
@inproceedings {
  bbliaojqZhangKDD18deep,
  title = {
    Deep Sequence Learning with Auxiliary Information for Traffic Prediction
  },
  author = {
    Binbing Liao and Jingqing Zhang and Chao Wu and Douglas McIlwraith and Tong Chen
    and Shengwen Yang  and Yike Guo and Fei Wu
  },
  booktitle = {
    Proceedings of the 24th ACM SIGKDD International Conference on Knowledge Discovery
    and Data Mining
  },
  year = {
    2018
  },
  organization = {
    ACM
  }
}
@article{zhang2011data,
  title={Data-driven intelligent transportation systems: A survey},
  author={Zhang, Junping and Wang, Fei-Yue and Wang, Kunfeng and Lin, Wei-Hua and Xu, Xin and Chen, Cheng},
  journal={IEEE Transactions on Intelligent Transportation Systems},
  volume={12},
  number={4},
  pages={1624--1639},
  year={2011},
  publisher={IEEE}
}
@article{taylor2010exponentially,
  title={Exponentially weighted methods for forecasting intraday time series with multiple seasonal cycles},
  author={Taylor, James W},
  journal={International Journal of Forecasting},
  volume={26},
  number={4},
  pages={627--646},
  year={2010},
  publisher={Elsevier}
}
@INPROCEEDINGS{
8892991,  author={Y. {Huo} and Y. {Yan} and D. {Du} and Z. {Wang} and Y. {Zhang} and Y. {Yang}},  booktitle={2019 20th Asia-Pacific Network Operations and Management Symposium (APNOMS)},   title={Long-Term Span Traffic Prediction Model Based on STL Decomposition and LSTM},   year={2019},  volume={},  number={},  pages={1-4}
}
@article{ord1997estimation,
  title={Estimation and prediction for a class of dynamic nonlinear statistical models},
  author={Ord, John Keith and Koehler, Anne B and Snyder, Ralph D},
  journal={Journal of the American Statistical Association},
  volume={92},
  number={440},
  pages={1621--1629},
  year={1997},
  publisher={Taylor \& Francis}
}
@book{box2011time,
  title={Time series analysis: forecasting and control},
  author={Box, George EP and Jenkins, Gwilym M and Reinsel, Gregory C},
  volume={734},
  year={2011},
  publisher={John Wiley \& Sons}
}
@article{taylor2006comparison,
  title={A comparison of univariate methods for forecasting electricity demand up to a day ahead},
  author={Taylor, James W and De Menezes, Lilian M and McSharry, Patrick E},
  journal={International journal of forecasting},
  volume={22},
  number={1},
  pages={1--16},
  year={2006},
  publisher={Elsevier}
}
@article{tran2015multiplicative,
  title={A multiplicative seasonal ARIMA/GARCH model in EVN traffic prediction},
  author={Tran, Quang Thanh and Ma, Zhihua and Li, Hengchao and Hao, Li and Trinh, Quang Khai},
  journal={International Journal of Communications, Network and System Sciences},
  volume={8},
  number={4},
  pages={43},
  year={2015},
  publisher={Scientific Research Publishing}
}
@article{shahin2017using,
  title={Using multiple seasonal holt-winters exponential smoothing to predict cloud resource provisioning},
  author={Shahin, Ashraf A},
  journal={arXiv preprint arXiv:1701.03296},
  year={2017}
}
@article{gould2008forecasting,
  title={Forecasting time series with multiple seasonal patterns},
  author={Gould, Phillip G and Koehler, Anne B and Ord, J Keith and Snyder, Ralph D and Hyndman, Rob J and Vahid-Araghi, Farshid},
  journal={European Journal of Operational Research},
  volume={191},
  number={1},
  pages={207--222},
  year={2008},
  publisher={Elsevier}
}
@article{ma2015long,
  title={Long short-term memory neural network for traffic speed prediction using remote microwave sensor data},
  author={Ma, Xiaolei and Tao, Zhimin and Wang, Yinhai and Yu, Haiyang and Wang, Yunpeng},
  journal={Transportation Research Part C: Emerging Technologies},
  volume={54},
  pages={187--197},
  year={2015},
  publisher={Elsevier}
}